@article{Fiedler1973,
author = {Fiedler, Miroslav},
journal = {Czechoslovak Mathematical Journal},
language = {eng},
number = {2},
pages = {298-305},
publisher = {Institute of Mathematics, Academy of Sciences of the Czech Republic},
title = {Algebraic connectivity of graphs},
url = {http://eudml.org/doc/12723},
volume = {23},
year = {1973},
}

@article{MiroslavFiedler1989,
author = {Miroslav Fiedler},
journal = {Banach Center Publications},
keywords = {Laplacian; eigenvalue; connectivity},
language = {eng},
number = {1},
pages = {57-70},
title = {Laplacian of graphs and algebraic connectivity},
url = {http://eudml.org/doc/267812},
volume = {25},
year = {1989},
}

 @article{chung_2005, title={Laplacians and the Cheeger inequality for directed graphs}, volume={9}, DOI={10.1007/s00026-005-0237-z}, number={1}, journal={Annals of Combinatorics}, author={Chung, Fan}, year={2005}, pages={1–19}} 

  @article{de_verdière_1990, title={Sur un nouvel invariant des graphes et un critère de planarité}, volume={50}, DOI={10.1016/0095-8956(90)90093-f}, number={1}, journal={Journal of Combinatorial Theory, Series B}, author={de Verdière, Yves Colin}, year={1990}, pages={11–21}} 

   @article{fiedler_1969, title={A characterization of tridiagonal matrices}, volume={2}, DOI={10.1016/0024-3795(69)90027-5}, number={2}, journal={Linear Algebra and its Applications}, author={Fiedler, Miroslav}, year={1969}, pages={191–197}} 